@article{Borst2009,
  title={Drosophila's view on insect vision},
  author={Borst, Alexander},
  journal={Current biology},
  volume={19},
  number={1},
  pages={R36--R47},
  year={2009},
  publisher={Elsevier},
   addendum= {\href{http://dx.doi.org/10.1016/j.cub.2008.11.001}{doi: 10.1016/j.cub.2008.11.001}}
}
@article{Pfeiffer2008,
  title={Tools for neuroanatomy and neurogenetics in Drosophila},
  author={Pfeiffer, Barret D and Jenett, Arnim and Hammonds, Ann S and Ngo, Teri-T B and Misra, Sima and Murphy, Christine and Scully, Audra and Carlson, Joseph W and Wan, Kenneth H and Laverty, Todd R and others},
  journal={Proceedings of the National Academy of Sciences},
  volume={105},
  number={28},
  pages={9715--9720},
  year={2008},
  publisher={National Acad Sciences},
  addendum= {\href{http://dx.doi.org/10.1073/pnas.0803697105}{doi: 10.1073/pnas.0803697105}}
}
@article{Zheng2018,
  title={A complete electron microscopy volume of the brain of adult Drosophila melanogaster},
  author={Zheng, Zhihao and Lauritzen, J Scott and Perlman, Eric and Robinson, Camenzind G and Nichols, Matthew and Milkie, Daniel and Torrens, Omar and Price, John and Fisher, Corey B and Sharifi, Nadiya and others},
  journal={Cell},
  volume={174},
  number={3},
  pages={730--743},
  year={2018},
  publisher={Elsevier},
  addendum= {\href{http://dx.doi.org/10.1016/j.cell.2018.06.019}{doi: 10.1016/j.cell.2018.06.019}}
}
@article{Borst2015,
  title={Common circuit design in fly and mammalian motion vision},
  author={Borst, Alexander and Helmstaedter, Moritz},
  journal={Nature neuroscience},
  volume={18},
  number={8},
  pages={1067--1076},
  year={2015},
  publisher={Nature Publishing Group},
  addendum= {\href{http://dx.doi.org/10.1038/nn.4050}{doi: 10.1038/nn.4050}}
}
@article{Bellen2010,
  title={100 years of Drosophila research and its impact on vertebrate neuroscience: a history lesson for the future},
  author={Bellen, Hugo J and Tong, Chao and Tsuda, Hiroshi},
  journal={Nature Reviews Neuroscience},
  volume={11},
  number={7},
  pages={514--522},
  year={2010},
  publisher={Nature Publishing Group},
  addendum= {\href{http://dx.doi.org/10.1038/nrn2839}{doi: 10.1038/nrn2839}}
}
@article{Venken2011,
  title={Genetic manipulation of genes and cells in the nervous system of the fruit fly},
  author={Venken, Koen JT and Simpson, Julie H and Bellen, Hugo J},
  journal={Neuron},
  volume={72},
  number={2},
  pages={202--230},
  year={2011},
  publisher={Elsevier},
  addendum= {\href{http://dx.doi.org/10.1016/j.neuron.2011.09.021}{doi: 10.1016/j.neuron.2011.09.021}}
}
@article{Rubin1982,
  title={Genetic transformation of Drosophila with transposable element vectors},
  author={Rubin, Gerald M and Spradling, Allan C},
  journal={Science},
  volume={218},
  number={4570},
  pages={348--353},
  year={1982},
  publisher={American Association for the Advancement of Science},
  addendum= {\href{http://dx.doi.org/10.1126/science.6289436}{doi: 10.1126/science.6289436}}
}
@article{Brand1993,
  title={Targeted gene expression as a means of altering cell fates and generating dominant phenotypes},
  author={Brand, Andrea H and Perrimon, Norbert},
  journal={development},
  volume={118},
  number={2},
  pages={401--415},
  year={1993},
  publisher={Company of Biologists The Company of Biologists, Bidder Building, 140 Cowley~â€¦},
  addendum= {\href{http://dx.doi.org/10.1242/dev.118.2.401}{doi: 10.1242/dev.118.2.401}}
}
@article{Wilson2004,
  title={Transformation of olfactory representations in the Drosophila antennal lobe},
  author={Wilson, Rachel I and Turner, Glenn C and Laurent, Gilles},
  journal={Science},
  volume={303},
  number={5656},
  pages={366--370},
  year={2004},
  publisher={American Association for the Advancement of Science},
  addendum= {\href{http://dx.doi.org/10.1126/science.1090782}{doi: 10.1126/science.1090782}}
}